% Encoding: UTF-8

@Electronic{pynet,
  author       = {Kirk Byers},
  month        = may,
  year         = {2015},
  title        = {Automating Cisco IOS},
  language     = {English},
  howpublished = {Online},
  url          = {https://pynet.twb-tech.com/blog/automation/cisco-ios.html},
}

@Electronic{networkloreSnmpAnsible,
  author       = {Patrick Ogenstad},
  title        = {Managing Cisco IOS devices with Ansible through SNMP},
  language     = {English},
  howpublished = {Online},
  organization = {Networklore},
  url          = {https://networklore.com/ansible-cisco-snmp/},
}

@Electronic{networkLoreSnmpAnsibleGithub,
  author       = {Patrick Ogenstad},
  year         = {2015},
  title        = {Ansible modules using SNMP to manage Cisco devices},
  language     = {English},
  howpublished = {Online},
  organization = {Networklore},
  url          = {https://github.com/networklore/ansible-cisco-snmp},
}

@Electronic{CiscoIOSHistory,
  author       = {Cisco},
  month        = dec,
  year         = {2006},
  title        = {Cisco Internetworking Operating Systems (IOS)},
  language     = {English},
  howpublished = {Online},
  organization = {Cisco},
  url          = {http://www.cisco.com/c/en/us/support/docs/ios-nx-os-software/ios-software-releases-110/13327-ios-early.html},
}

@Electronic{historyOfCiscoCli,
  author       = {Terry Slattery},
  month        = oct,
  year         = {2007},
  title        = {The history of the cisco cli},
  language     = {Englisch},
  howpublished = {Online},
  organization = {netcraftsmen},
  url          = {http://www.netcraftsmen.com/the-history-of-the-cisco-cli/},
}

@Electronic{ciscoNxos,
  author       = {Cisco},
  title        = {Cisco NX-OS},
  language     = {English},
  howpublished = {Online},
  organization = {Cisco},
  url          = {http://www.cisco.com/c/en/us/products/ios-nx-os-software/nx-os/index.html},
}

@Electronic{historyAnsible,
  author       = {Michael DeHaan},
  month        = dec,
  year         = {2013},
  title        = {The Origins Of Ansible},
  language     = {English},
  howpublished = {Online},
  organization = {Ansible},
  url          = {https://www.ansible.com/blog/2013/12/08/the-origins-of-ansible},
}

@Electronic{ansible2,
  author       = {James Cammarata},
  month        = jan,
  year         = {2016},
  title        = {Ansible 2.0 has arrived},
  language     = {English},
  howpublished = {Online},
  organization = {Ansible},
  url          = {https://www.ansible.com/blog/ansible-2.0-launch},
}

@Electronic{napalmGithub,
  author       = {David Barroso},
  title        = {Network Automation and Programmability Abstraction Layer with Multivendor support},
  language     = {English},
  howpublished = {Online},
  organization = {napalm-automation},
  url          = {https://github.com/napalm-automation/napalm},
}

@Electronic{napalmSupport,
  author       = {David Barroso},
  year         = {2016},
  title        = {Supported Devices},
  language     = {English},
  howpublished = {Online},
  url          = {https://napalm.readthedocs.io/en/latest/support/index.html},
}

@Electronic{ciscoNxosPDF,
  author       = {Brenden Buresh, Brian Daugherty, Cesar Obediente, Errol Roberts, Jason Pfeifer, Kenny Garreau, Lukas Krattiger, Ranga Rao, Shane Corban, Todd Escalona},
  title        = {Programmability and Automation with Cisco Open NX-OS},
  language     = {English},
  howpublished = {PDF},
  organization = {Cisco},
  url          = {http://www.cisco.com/c/dam/en/us/td/docs/switches/datacenter/nexus9000/sw/open_nxos/programmability/guide/Programmability_Open_NX-OS.pdf},
}

@Comment{jabref-meta: databaseType:bibtex;}
