% Encoding: UTF-8

@WWW{ansible2,
  author =       {James Cammarata},
  title =        {Ansible 2.0 has arrived},
  year =         {2016},
  url =          {https://www.ansible.com/blog/ansible-2.0-launch},
  language =     {English},
  organization = {Ansible},
  month =        jan,
  urldate =      {2016-08-19},
  howpublished = {Online}
}

@WWW{CiscoIOSHistory,
  author =       {Cisco},
  title =        {Cisco Internetworking Operating Systems (IOS)},
  year =         {2006},
  url =          {http://www.cisco.com/c/en/us/support/docs/ios-nx-os-software/ios-software-releases-110/13327-ios-early.html},
  language =     {English},
  organization = {Cisco},
  month =        dec,
  urldate =      {2016-08-19},
  howpublished = {Online}
}

@WWW{ciscoNxos,
  author =       {Cisco},
  title =        {Cisco NX-OS},
  url =          {http://www.cisco.com/c/en/us/products/ios-nx-os-software/nx-os/index.html},
  language =     {English},
  organization = {Cisco},
  urldate =      {2016-08-19},
  howpublished = {Online}
}

@WWW{ciscoNxosPDF,
  author =       {Brenden Buresh, Brian Daugherty, Cesar Obediente, Errol Roberts, Jason Pfeifer, Kenny Garreau, Lukas Krattiger, Ranga Rao, Shane Corban, Todd Escalona},
  title =        {Programmability and Automation with Cisco Open NX-OS},
  url =          {http://www.cisco.com/c/dam/en/us/td/docs/switches/datacenter/nexus9000/sw/open_nxos/programmability/guide/Programmability_Open_NX-OS.pdf},
  language =     {English},
  organization = {Cisco},
  urldate =      {2016-08-19},
  howpublished = {PDF}
}

@WWW{consolePortMac,
  author =   {John Blakley},
  title =    {How to use a MAC for connecting through the console port ?},
  date =     {2014-01-21},
  url =      {https://supportforums.cisco.com/discussion/12071321/how-use-mac-connecting-through-console-port},
  language = {English},
  urldate =  {2016-08-19}
}

@WWW{historyAnsible,
  author =       {Michael DeHaan},
  title =        {The Origins Of Ansible},
  year =         {2013},
  url =          {https://www.ansible.com/blog/2013/12/08/the-origins-of-ansible},
  language =     {English},
  organization = {Ansible},
  month =        dec,
  urldate =      {2016-08-19},
  howpublished = {Online}
}

@WWW{historyOfCiscoCli,
  author =       {Terry Slattery},
  title =        {The history of the cisco cli},
  year =         {2007},
  url =          {http://www.netcraftsmen.com/the-history-of-the-cisco-cli/},
  language =     {Englisch},
  organization = {netcraftsmen},
  month =        oct,
  urldate =      {2016-08-19},
  howpublished = {Online}
}

@WWW{napalmGithub,
  author =       {David Barroso},
  title =        {Network Automation and Programmability Abstraction Layer with Multivendor support},
  url =          {https://github.com/napalm-automation/napalm},
  language =     {English},
  organization = {napalm-automation},
  urldate =      {2016-08-19},
  howpublished = {Online}
}

@WWW{napalmSupport,
  author =       {David Barroso},
  title =        {Supported Devices},
  year =         {2016},
  url =          {https://napalm.readthedocs.io/en/latest/support/index.html},
  language =     {English},
  urldate =      {2016-08-19},
  howpublished = {Online}
}

@WWW{networkloreSnmpAnsible,
  author =       {Patrick Ogenstad},
  title =        {Managing Cisco IOS devices with Ansible through SNMP},
  url =          {https://networklore.com/ansible-cisco-snmp/},
  language =     {English},
  organization = {Networklore},
  urldate =      {2016-08-19},
  howpublished = {Online}
}

@WWW{networkLoreSnmpAnsibleGithub,
  author =       {Patrick Ogenstad},
  title =        {Ansible modules using SNMP to manage Cisco devices},
  year =         {2015},
  url =          {https://github.com/networklore/ansible-cisco-snmp},
  language =     {English},
  organization = {Networklore},
  urldate =      {2016-08-19},
  howpublished = {Online}
}

@WWW{pynet,
  author =       {Kirk Byers},
  title =        {Automating Cisco IOS},
  year =         {2015},
  url =          {https://pynet.twb-tech.com/blog/automation/cisco-ios.html},
  language =     {English},
  month =        may,
  urldate =      {2016-08-19},
  howpublished = {Online}
}

@WWW{resetSwitch,
  author =  {Cisco},
  title =   {Resetting Catalyst Switches to Factory Defaults},
  year =    {2014},
  url =     {http://www.cisco.com/c/en/us/support/docs/switches/catalyst-2900-xl-series-switches/24328-156.html},
  urldate = {2016-08-19}
}

@MastersThesis{Vandooren2015,
  author      = {Vandooren, Dries},
  title       = {Configuratie van Cisco apparatuur door gebruik te maken van Ansible},
  institution = {Hogeschool Gent},
  year        = {2015},
  type        = {Bachelorproef},
}

@comment{jabref-meta: databaseType:bibtex;}
